@book{canto2013scattering,
  title={Scattering Theory of Molecules, Atoms, and Nuclei},
  author={Canto, L.F. and Hussein, M.S.},
  isbn={9789814329835},
  lccn={2012046470},
  series={G - Reference,Information and Interdisciplinary Subjects Series},
  url={https://books.google.co.jp/books?id=ZO8MRZTKHXAC},
  year={2013},
  publisher={World Scientific}
}

@article{Esbensen2011,
   author = {H Esbensen and X Tang and C L Jiang},
   doi = {10.1103/PhysRevC.84.064613},
   issue = {6},
   journal = {Phys. Rev. C},
   month = {12},
   pages = {64613},
   publisher = {American Physical Society},
   title = {Effects of mutual excitations in the fusion of carbon isotopes},
   volume = {84},
   url = {https://link.aps.org/doi/10.1103/PhysRevC.84.064613},
   year = {2011}
}

@article{PhysRevC.75.034606,
  title = {Signature of shallow potentials in deep sub-barrier fusion reactions},
  author = {Mi\ifmmode \mbox{\c{s}}\else \c{s}\fi{}icu, \ifmmode \mbox{\c{S}}\else \c{S}\fi{}. and Esbensen, H.},
  journal = {Phys. Rev. C},
  volume = {75},
  issue = {3},
  pages = {034606},
  numpages = {14},
  year = {2007},
  month = {Mar},
  publisher = {American Physical Society},
  doi = {10.1103/PhysRevC.75.034606},
  url = {https://link.aps.org/doi/10.1103/PhysRevC.75.034606}
}

@article{PhysRevLett.89.052701,
  title = {Unexpected Behavior of Heavy-Ion Fusion Cross Sections at Extreme Sub-Barrier Energies},
  author = {Jiang, C. L. and Esbensen, H. and Rehm, K. E. and Back, B. B. and Janssens, R. V. F. and Caggiano, J. A. and Collon, P. and Greene, J. and Heinz, A. M. and Henderson, D. J. and Nishinaka, I. and Pennington, T. O. and Seweryniak, D.},
  journal = {Phys. Rev. Lett.},
  volume = {89},
  issue = {5},
  pages = {052701},
  numpages = {4},
  year = {2002},
  month = {Jul},
  publisher = {American Physical Society},
  doi = {10.1103/PhysRevLett.89.052701},
  url = {https://link.aps.org/doi/10.1103/PhysRevLett.89.052701}
}

