@book{canto2013scattering,
  title={Scattering Theory of Molecules, Atoms, and Nuclei},
  author={Canto, L.F. and Hussein, M.S.},
  isbn={9789814329835},
  lccn={2012046470},
  series={G - Reference,Information and Interdisciplinary Subjects Series},
  url={https://books.google.co.jp/books?id=ZO8MRZTKHXAC},
  year={2013},
  publisher={World Scientific}
}

@book{ BN00026961,
  author    = "Schiff, Leonard I.  and 井上, 健 ",
  title     = "量子力学",
  publisher = "吉岡書店",
  year      = "1971",
  edition   = "新版",
  series    = "物理学叢書 / 小谷正雄 [ほか] 編",
  number    = "2,9",
  URL       = "https://ci.nii.ac.jp/ncid/BN00026961"
}

@book{ BN01957611,
  author    = "小野寺, 嘉孝  and 小出, 昭一郎  and 阿部, 龍蔵 ",
  title     = "物理のための応用数学",
  publisher = "裳華房",
  year      = "1988",
  URL       = "https://ci.nii.ac.jp/ncid/BN01957611"
}